<record><leader>00000cas a2200000 a 4500</leader><controlfield tag="001">42939344</controlfield><controlfield tag="007">hd afb---bacp</controlfield><controlfield tag="007">hd bfb---baap</controlfield><controlfield tag="007">hd bfb---babp</controlfield><controlfield tag="008">991206d18611864wauwr nea     0    0eng c</controlfield><datafield ind1=" " ind2=" " tag="010"><subfield code="a">sn 99048122 </subfield></datafield><datafield ind1=" " ind2=" " tag="040"><subfield code="a">WAU</subfield><subfield code="b">eng</subfield><subfield code="c">WAU</subfield><subfield code="d">OCLCQ</subfield><subfield code="d">OCLCF</subfield><subfield code="d">OCLCO</subfield><subfield code="d">OCLCQ</subfield></datafield><datafield ind1=" " ind2=" " tag="012"><subfield code="i">9912</subfield></datafield><datafield ind1=" " ind2=" " tag="042"><subfield code="a">pcc</subfield></datafield><datafield ind1=" " ind2=" " tag="043"><subfield code="a">n-us-wa</subfield></datafield><datafield ind1="0" ind2="4" tag="245"><subfield code="a">The overland press.</subfield></datafield><datafield ind1=" " ind2=" " tag="260"><subfield code="a">Olympia, W.T. :</subfield><subfield code="b">A.M. Poe,</subfield><subfield code="c">1861-1864.</subfield></datafield><datafield ind1=" " ind2=" " tag="300"><subfield code="a">volumes</subfield></datafield><datafield ind1=" " ind2=" " tag="310"><subfield code="a">Weekly</subfield></datafield><datafield ind1=" " ind2=" " tag="336"><subfield code="a">text</subfield><subfield code="b">txt</subfield><subfield code="2">rdacontent</subfield></datafield><datafield ind1=" " ind2=" " tag="337"><subfield code="a">microform</subfield><subfield code="b">h</subfield><subfield code="2">rdamedia</subfield></datafield><datafield ind1=" " ind2=" " tag="338"><subfield code="a">microfilm reel</subfield><subfield code="b">hd</subfield><subfield code="2">rdacarrier</subfield></datafield><datafield ind1="0" ind2=" " tag="362"><subfield code="a">Vol. 1, no. 1 (July 29, 1861)-v. 4, no. 6 (Apr. 30, 1864).</subfield></datafield><datafield ind1=" " ind2=" " tag="500"><subfield code="a">Publisher varies.</subfield></datafield><datafield ind1=" " ind2=" " tag="533"><subfield code="a">Microfilm.</subfield><subfield code="m">1861-1864.</subfield><subfield code="b">[Seattle, Wash.] :</subfield><subfield code="c">Filmed for the University of Washington Libraries,</subfield><subfield code="d">1996.</subfield><subfield code="e">2 microfilm reels ; 35 mm.</subfield></datafield><datafield ind1=" " ind2="0" tag="651"><subfield code="a">Olympia (Wash.)</subfield><subfield code="v">Newspapers.</subfield></datafield><datafield ind1=" " ind2="7" tag="651"><subfield code="a">Washington (State)</subfield><subfield code="z">Olympia.</subfield><subfield code="2">fast</subfield><subfield code="0">(OCoLC)fst01206098</subfield></datafield><datafield ind1=" " ind2="7" tag="655"><subfield code="a">Newspapers.</subfield><subfield code="2">fast</subfield><subfield code="0">(OCoLC)fst01423814</subfield></datafield><datafield ind1=" " ind2=" " tag="752"><subfield code="a">United States</subfield><subfield code="b">Washington</subfield><subfield code="c">Thurston</subfield><subfield code="d">Olympia.</subfield></datafield><datafield ind1="1" ind2=" " tag="776"><subfield code="c">Original</subfield><subfield code="w">(DLC)sn 86071975</subfield><subfield code="w">(OCoLC)14284421</subfield></datafield><datafield ind1="0" ind2="0" tag="785"><subfield code="t">Pacific tribune (Olympia, Wash.)</subfield><subfield code="w">(DLC)sn 99048123</subfield></datafield><datafield ind1=" " ind2=" " tag="850"><subfield code="a">WaU</subfield><subfield code="a">WaU (master)</subfield></datafield></record>